@inproceedings{Hartshorne1977AlgebraicG,
  title={Algebraic geometry},
  author={Robin Hartshorne},
  booktitle={Graduate texts in mathematics},
  year={1977},
}

@book{EGA,
    author = {Grothendieck, A.},
    title ={ Éléments de Géométrie algébrique},
    publisher = {Publications Mathématiques de l'Institut des Hautes Études Scientifiques},
    year = {1960},
}